@ARTICLE{Abr01,
author = {David Abrahams and Carlos Pinto Coelho},
title = {Effects of Metaprogramming Style on Compilation Time},
year = {2001},
howpublished = {http://users.rcn.com/abrahams/instantiation_speed/index.html},
}

@BOOK{Ale01,
author = {Andrei Alexandrescu},
title = {Modern {C++} Design: Generic Programming and Design Patterns Applied},
publisher = {Addison-Wesley},
year = {2001},
ISBN = {0-201-70431-5},
}

@BOOK{CE00,
author = {Krzysztof Czarnecki and Ulrich Eisenecker},
title = {Generative Programming: Methods, Tools, and Applications}, 
publisher = {Addison-Wesley},
year = {2000},
ISBN = {0-201-30977-7},
}

@BOOK{GHJ+95,
author = {Erich Gamma, Richard Helm, Ralph Johnson, and John Vlissides},
title = {Design Patterns, Elements of Reusable Object-Oriented Software},
publisher = {Addison-Wesley},
year = {1995},
ISBN = {0-201-63361-2},
}

@BOOK{HU79,
author = {Hopcroft and Ullman},
title = {Introduction to automata theory, languages and computations},
publisher = {Addison-Wesley},
year = 1979,
}

@ARTICLE{Hud89,
author = {Paul Hudak},
title = {Conception, Evolution, and Application of Functional Programming Languages},
journal = {ACM Computing Surveys},
volume = {21},
number = {3},
pages = {359--411},
month = {September},
year = {1989},
ISSN = {0360-0300},
}

@ARTICLE{Hun91,
author = {Immo Huneke},
title = {Finite State Machines: A Model of Behavior for {C++}},
journal = {C++ Report},
year = {1991},
}

@BOOK{ISO98,
author = {International Organization for Standardization (ISO)},
title = {ISO/IEC 14882:1998(E), Programming Language {C++}},
year = {1998},
}

@ARTICLE{Laf00,
author = {David Lafreniere},
title = {State Machine Design in {C++}},
journal = {C/C++ User Journal},
volume = {18},
number = {5},
month = {May},
howpublished = {http://www.cuj.com/articles/2000/0005/0005f/0005f.htm?topic=articles},
}

@ARTICLE{Mar98,
author = {Robert C. Martin},
title = {UML Tutorial: Finite State Machines, Engineering},
journal = {C++ Report},
year = {1998},
month = {June},
howpublished = {http://www.objectmentor.com/resources/articles/umlfsm.pdf},
}

@MISC{PRE,
author = {Vesa Karvonen},
title = {Boost {PREPROCESSOR} Metaprogramming library},
howpublished = {http://www.boost.org/libs/preprocessor/doc/index.htm},
}

@MISC{SMC,
author = {Robert C. Martin},
title = {SMC - Finite State Machine Compiler ({C++})},
howpublished = {http://www.objectmentor.com/resources/downloads/index},
}

@ARTICLE{Vel95a,
author = {Todd Veldhuizen},
title = {Using {C++} template metaprograms},
journal = {C++ Report},
volume = {7},
number = {4},
pages = {36--43},
month = may,
year = {1995},
note = {Reprinted in C++ Gems, ed. Stanley Lippman},
coden = {CRPTE7},
ISSN = {1040-6042},
}

@ARTICLE{Vel95b,
author = {Todd Veldhuizen},
title = {Expression templates},
journal = {C++ Report},
volume = {7},
number = {5},
pages = {26--31},
month = jun,
year = {1995},
note = {Reprinted in C++ Gems, ed. Stanley Lippman},
coden = {CRPTE7},
ISSN = {1040-6042},
}

@MISC{Unr,
author = {Erwin Unruh},
title = {Prime number computation},
howpublished = {ANSI X3J16-94-0075/ISO WG21-462},
}
