
@TechReport{stepa.lee-1994:the.s:TR,
  author       = "A. A. Stepanov and M. Lee",
  title	       = "{The Standard Template Library}",
  institution  = "ISO Programming Language C++ Project",
  year	       = "1994",
  number       = "X3J16/94-0095, WG21/N0482",
  month	       = may,
}

@Book{		 austern99:_gener_progr_stl,
  author       = "Matthew H. Austern",
  title	       = "Generic Programming and the {STL}",
  publisher    = "Addison-Wesley",
  year	       = 1999,
  series       = "Professional computing series"
}

@Book{koenig97:_rumin_cpp,
  author =	 {Andrew Koenig and Barbara Moo},
  title = 	 {Ruminations on {C++}},
  publisher = 	 {Addison Wesley},
  year = 	 1997
}

@Book{iso98:_cpp_final_draft_standard,
  author       = "International Organization for Standardization
                  (ISO)",
  title	       = "ISO/IEC Final Draft International Standard 14882:
                  Programming Language C++",
  year	       = 1998,
  address      = "1 rue de Varemb\'e, Case postale 56, CH-1211
                  Gen\`eve 20, Switzerland"
}

@Book{alexandrescu01:_modern_cpp_design,
  author =	 {Andrei Alexandrescu},
  title = 	 {Modern {C++} Design},
  publisher = 	 {Addison Wesley},
  year = 	 2001
}

@BOOK { Barton94,
  AUTHOR       = "John Barton and Lee Nackman",
  TITLE	       = "Scientific and Engineering {C++}",
  PUBLISHER    = "Addison-Wesley",
  YEAR	       = 1994
}

@Book{gamma95:_design_patterns,
  author =	 {Erich Gamma and Richard Helm and Ralph Johnson and John Vlissides},
  title = 	 {Design Patterns: Elements of Reusable Object-Oriented Software},
  publisher = 	 {Addison-Welsey},
  year = 	 1995,
  series =	 {Professional Computing}
}

@Book{stroustrup00:_cpp_prog_lang,
  author =	 {Bjarne Stroustrup},
  title = 	 {The {C++} Programming Language},
  publisher = 	 {Addison-Wesley},
  year = 	 2000,
  edition =	 {Special}
}

@Article{alexandrescu98:_compound_iters,
  author = 	 {Andrei Alexandrescu},
  title = 	 {Compound iterators of STL},
  journal = 	 {{C/C++} Users Journal},
  year = 	 1998,
  volume =	 16,
  number =	 10,
  pages =	 {79-82},
  month =        October
}

@Article{becker98:_smart_iteraters,
  author = 	 {Thomas Becker},
  title = 	 {Smart Iterators and STL},
  journal = 	 {{C/C++} Users Journal},
  year = 	 1998,
  volume =	 16,
  number =	 9,
  month =	 {September}
}

@InBook{siek99:_scitools,
  author       = {Jeremy G. Siek and Andrew Lumsdaine},
  title        = {Modern Software Tools for Scientific Computing},
  chapter      = {A Modern Framework for Portable High Performance
                  Numerical Linear Algebra},
  publisher    = {Birkhauser},
  year 	       = 1999,
}
